@article{laa2019slice,
    title={A slice tour for finding hollowness in high-dimensional data},
    author={Ursula Laa and Dianne Cook and German Valencia},
    year={2019},
    eprint={1910.10854},
    archivePrefix={arXiv},
    primaryClass={stat.CO},
    url ={https://arxiv.org/abs/1910.10854}
}

@article{doi:10.1198/1061860043119,
author = {Alan Gous and Andreas Buja},
title = {Visual Comparison of Datasets Using Mixture Decompositions},
journal = {Journal of Computational and Graphical Statistics},
volume = {13},
number = {1},
pages = {1-19},
year  = {2004},
publisher = {Taylor & Francis},
doi = {10.1198/1061860043119},
URL = {https://doi.org/10.1198/1061860043119},
eprint = {https://doi.org/10.1198/1061860043119}
}


@article{doi:10.1063/1.3054274,
author = {Meremianin,A. V. },
title = {Hyperspherical harmonics with arbitrary arguments},
journal = {Journal of Mathematical Physics},
volume = {50},
number = {1},
pages = {013526},
year = {2009},
doi = {10.1063/1.3054274},
URL = {https://doi.org/10.1063/1.3054274},
eprint = {https://doi.org/10.1063/1.3054274}
}

@article{FT74, author={Friedman, J. H. and Tukey, J. W.},
  year=1974,
  title={A Projection Pursuit Algorithm for Exploratory Data Analysis},
  journal={IEEE Transactionson Computers},
  volume=23,
  pages={881--889}}

@incollection{kr69, author={Kruskal, J. B.},
  year=1969,
  title={Toward a Practical Method Which Helps Uncover the Structure of a Set of Observations By Finding the Line Transformation Which Optimizes a New `Index of Condensation'},
  pages={427--440},
  editor={Milton, R. C. and Nelder, J. A.},
  booktitle={Statistical Computation},
  publisher={Academic Press},
  address={New York}
}


@article{As85,
        Author = {Asimov, D.},
        Journal = {SIAM Journal of Scientific and Statistical Computing},
        Number = {1},
        Pages = {128--143},
        Title = {{T}he {G}rand {T}our: {A} {T}ool for {V}iewing {M}ultidimensional {D}ata},
        Volume = {6},
        Year = 1985
}

@article{CBCH94,
        Author = {Cook, D. and Buja, A. and Cabrera, J. and Hurley, C.},
        Journal = {Journal of Computational and Graphical Statistics},
        Number = 3,
        Pages = {155--172},
        Title = {Grand {T}our and {P}rojection {P}ursuit},
        Volume = 4,
        Year = 1995}
        

@article{laa2020,
        Author = {Laa, Ursula and Cook, Dianne},
        Doi = {10.1007/s00180-020-00954-8},
        Id = {Laa2020},
        Isbn = {1613-9658},
        Journal = {Computational Statistics},
        Title = {Using tours to visually investigate properties of new projection pursuit indexes with application to problems in physics},
        Ty = {JOUR},
        Url = {https://doi.org/10.1007/s00180-020-00954-8},
        Year = {2020},
      eprint         = "1902.00181",
      archivePrefix  = "arXiv",
      primaryClass   = "stat.ME"}

@article{mds,
  author={Kruskal, J.B. and Wish, M.},
  year=1978,
  title={Multidimensional Scaling}, 
  journal={Sage University Paper Series on Quantitative Applications in the Social Sciences}, 
  volume={No. 07-011}, 
  publisher={Sage Publications},
  address={Newbury Park},
  doi={\url{http://dx.doi.org/10.4135/9781412985130}}
}

@article{JSSv081i05,
   author = {Mark O'Connell and Catherine Hurley and Katarina Domijan},
   title = {Conditional Visualization for Statistical Models: An Introduction to the condvis Package in R},
   journal = {Journal of Statistical Software, Articles},
   volume = {81},
   number = {5},
   year = {2017},
   keywords = {interactive; graphics; regression; classification; blackbox models},
   issn = {1548-7660},
   pages = {1--20},
   doi = {10.18637/jss.v081.i05},
   url = {https://www.jstatsoft.org/v081/i05}
}

@article{sliceplorer,
author = {Torsney-Weir, T. and Sedlmair, M. and Möller, T.},
title = {Sliceplorer: 1D slices for multi-dimensional continuous functions},
journal = {Computer Graphics Forum},
volume = {36},
number = {3},
pages = {167-177},
doi = {10.1111/cgf.13177},
url = {https://onlinelibrary.wiley.com/doi/abs/10.1111/cgf.13177},
eprint = {https://onlinelibrary.wiley.com/doi/pdf/10.1111/cgf.13177},
year = {2017}
}

@incollection{BCAH05,
	Author = {Buja, A. and Cook, D. and Asimov, D. and Hurley, C.},
	Pages = {391--413},
	Title = {{C}omputational {M}ethods for {H}igh-{D}imensional
                  {R}otations in {D}ata {V}isualization},
	Year = 2005}
	
@Manual{rlang,
    title = {R: A Language and Environment for Statistical Computing},
    author = {{R Core Team}},
    organization = {R Foundation for Statistical Computing},
    address = {Vienna, Austria},
    year = {2018},
    url = {https://www.R-project.org/},
  }
  
@Article{tourr,
    title = {{tourr}: An {R} Package for Exploring Multivariate Data with Projections},
    author = {Hadley Wickham and Dianne Cook and Heike Hofmann and Andreas Buja},
    journal = {Journal of Statistical Software},
    year = {2011},
    volume = {40},
    number = {2},
    pages = {1--18},
    url = {http://www.jstatsoft.org/v40/i02/},
  }
  
@article{sam.11271,
author = {Wickham, Hadley and Cook, Dianne and Hofmann, Heike},
title = {Visualizing statistical models: Removing the blindfold},
journal = {Statistical Analysis and Data Mining: The ASA Data Science Journal},
volume = {8},
number = {4},
pages = {203-225},
keywords = {model visualization, exploratory data analysis, data mining, classification, high-dimensional data},
doi = {10.1002/sam.11271},
url = {https://onlinelibrary.wiley.com/doi/abs/10.1002/sam.11271},
eprint = {https://onlinelibrary.wiley.com/doi/pdf/10.1002/sam.11271},
year = {2015}
}

@Manual{classifly,
    title = {classifly: Explore classification models in high dimensions},
    author = {Hadley Wickham},
    year = {2020},
    note = {R package version 0.4.0.99},
    url = {http://had.co.nz/classifly},
  }
  
@article{olives,
author = {Forina, Michele and Armanino, C. and Lanteri, Sergio},
year = {1983},
month = {01},
pages = {189-214},
title = {Classification of olive oils from their fatty acid composition},
journal = {Food Research and Data Analysis}
}

@Manual{e1071,
    title = {e1071: Misc Functions of the Department of Statistics, Probability
Theory Group (Formerly: E1071), TU Wien},
    author = {David Meyer and Evgenia Dimitriadou and Kurt Hornik and Andreas Weingessel and Friedrich Leisch},
    year = {2019},
    note = {R package version 1.7-3},
    url = {https://CRAN.R-project.org/package=e1071},
  }
  
@article{Wang:2018heo,
      author         = "Wang, Bo-Ting and Hobbs, T. J. and Doyle, Sean and Gao,
                        Jun and Hou, Tie-Jiun and Nadolsky, Pavel M. and Olness,
                        Fredrick I.",
      title          = "{Mapping the sensitivity of hadronic experiments to
                        nucleon structure}",
      journal        = "Phys. Rev.",
      volume         = "D98",
      year           = "2018",
      number         = "9",
      pages          = "094030",
      doi            = "10.1103/PhysRevD.98.094030",
      eprint         = "1803.02777",
      archivePrefix  = "arXiv",
      primaryClass   = "hep-ph",
      reportNumber   = "SMU-HEP-18-04",
      SLACcitation   = "%%CITATION = ARXIV:1803.02777;%%"
}

@article{Cook:2018mvr,
      author         = "Cook, Dianne and Laa, Ursula and Valencia, German",
      title          = "{Dynamical projections for the visualization of PDFSense
                        data}",
      journal        = "Eur. Phys. J.",
      volume         = "C78",
      year           = "2018",
      number         = "9",
      pages          = "742",
      doi            = "10.1140/epjc/s10052-018-6205-2",
      eprint         = "1806.09742",
      archivePrefix  = "arXiv",
      primaryClass   = "hep-ph",
      SLACcitation   = "%%CITATION = ARXIV:1806.09742;%%"
}

@article{Gunion:2002zf,
      author         = "Gunion, John F. and Haber, Howard E.",
      title          = "{The CP conserving two Higgs doublet model: The Approach
                        to the decoupling limit}",
      journal        = "Phys. Rev.",
      volume         = "D67",
      year           = "2003",
      pages          = "075019",
      doi            = "10.1103/PhysRevD.67.075019",
      eprint         = "hep-ph/0207010",
      archivePrefix  = "arXiv",
      primaryClass   = "hep-ph",
      reportNumber   = "SCIPP-02-10",
      SLACcitation   = "%%CITATION = HEP-PH/0207010;%%"
}

@Book{knitr,
    title = {Dynamic Documents with {R} and knitr},
    author = {Yihui Xie},
    publisher = {Chapman and Hall/CRC},
    address = {Boca Raton, Florida},
    year = {2015},
    edition = {2nd},
    note = {ISBN 978-1498716963},
    url = {https://yihui.name/knitr/},
  }
  
@Book{rmarkdown,
    title = {R Markdown: The Definitive Guide},
    author = {Yihui Xie and J.J. Allaire and Garrett Grolemund},
    publisher = {Chapman and Hall/CRC},
    address = {Boca Raton, Florida},
    year = {2018},
    note = {ISBN 9781138359338},
    url = {https://bookdown.org/yihui/rmarkdown},
  }

 @Article{tidyverse,
     title = {Welcome to the {tidyverse}},
     author = {Hadley Wickham and Mara Averick and Jennifer Bryan and Winston Chang and Lucy D'Agostino McGowan and Romain François and Garrett Grolemund and Alex Hayes and Lionel Henry and Jim Hester and Max Kuhn and Thomas Lin Pedersen and Evan Miller and Stephan Milton Bache and Kirill Müller and Jeroen Ooms and David Robinson and Dana Paige Seidel and Vitalie Spinu and Kohske Takahashi and Davis Vaughan and Claus Wilke and Kara Woo and Hiroaki Yutani},
     year = {2019},
     journal = {Journal of Open Source Software},
     volume = {4},
     number = {43},
     pages = {1686},
     doi = {10.21105/joss.01686},
   }

@Article{pptreeviz,
    title = {{PPtreeViz}: An {R} Package for Visualizing Projection Pursuit Classification Trees},
    author = {Eun-Kyung Lee},
    journal = {Journal of Statistical Software},
    year = {2018},
    volume = {83},
    number = {8},
    pages = {1--30},
    doi = {10.18637/jss.v083.i08},
}
  
@article{huberpp, 
    title = {Projection Pursuit},
    author  = {Huber, P. J},
    year = 1985,
    journal = {The Annals of Statistics},
    volume = 13, number = 2, 
    pages = {435--475}
}

@article{prosection,
 ISSN = {10618600},
 URL = {http://www.jstor.org/stable/1390897},
 author = {George W. Furnas and Andreas Buja},
 journal = {Journal of Computational and Graphical Statistics},
 number = {4},
 pages = {323--353},
 publisher = {[American Statistical Association, Taylor & Francis, Ltd., Institute of Mathematical Statistics, Interface Foundation of America]},
 title = {Prosection Views: Dimensional Inference through Sections and Projections},
 volume = {3},
 year = {1994},
 doi = {10.1080/10618600.1994.10474649}
}

@article{Domokos:1967fgx,
    author = "Domokos, G.",
    title = "{Four-Dimensional Symmetry}",
    doi = "10.1103/PhysRev.159.1387",
    journal = "Phys. Rev.",
    volume = "159",
    number = "5",
    pages = "1387",
    year = "1967"
}